% J. W. Goodman, Introduction to Fourier Optics. (3rd ed.) Englewood, Colo: Roberts & Co. Publishers, 2005.
@Techreport{jc,
    author="Jeffrey Chen",
    title="Assignment 3 Report",
    year=2019,
    month=Oct,
    institution="University of Canterbury"
}

@Mastersthesis{alex,
title="Simulating percolating superconductors",
author="Alex Smith",
year=2014,
month="July",
school="University of Canterbury"
}

@electronic{apple,
title="Accelerate",
author="Apple",
url="https://developer.apple.com/documentation/accelerate"
}

@electronic{blas,
title="OpenBLAS",
author="Zhang Xianyi",
url="https://www.openblas.net"
}

@electronic{atlas,
url="http://math-atlas.sourceforge.net",
title="Automatically Tuned Linear Algebra Software",
}

@Manual{CHOLMOD,
title="User Guide for CHOLMOD: a sparse Cholesky factorization and modification package",
author="Timothy A. Davis",
organization="Dept. of Computer and Information Science and Engineering",
address="Univ. of Florida, Gainesville, FL"
}

@electronic{ss,
url="http://faculty.cse.tamu.edu/davis/suitesparse.html",
title="SUITESPARSE: A SUITE OF SPARSE MATRIX SOFTWARE",
author="Timothy A. Davis and others"
}